@inproceedings{b1,
  title={Real-time status: How often should one update?},
  author={Kaul, Sanjit and Yates, Roy and Gruteser, Marco},
  booktitle={2012 Proceedings IEEE INFOCOM},
  pages={2731--2735},
  year={2012},
  organization={IEEE}
}

@article{b2,
  author={Yates, Roy D. and Sun, Yin and Brown, D. Richard and Kaul, Sanjit K. and Modiano, Eytan and Ulukus, Sennur},
  journal={IEEE Journal on Selected Areas in Communications}, 
  title={Age of Information: An Introduction and Survey}, 
  year={2021},
  volume={39},
  number={5},
  pages={1183-1210},
  doi={10.1109/JSAC.2021.3065072}}
