@misc{Source1,
      title={Minimizing Age of Incorrect Information for Unreliable Channel with Power Constraint}, 
      author={Yutao Chen and Anthony Ephremides},
      year={2021},
      eprint={2101.08908},
      archivePrefix={arXiv},
      primaryClass={cs.IT}
}


@article{Source2,
  author={Yates, Roy D. and Sun, Yin and Brown, D. Richard and Kaul, Sanjit K. and Modiano, Eytan and Ulukus, Sennur},
  journal={IEEE Journal on Selected Areas in Communications}, 
  title={Age of Information: An Introduction and Survey}, 
  year={2021},
  volume={39},
  number={5},
  pages={1183-1210},
  doi={10.1109/JSAC.2021.3065072}}

@article{Source3,
  title={Age of information: A new metric for information freshness},
  author={Sun, Yin and Kadota, Igor and Talak, Rajat and Modiano, Eytan},
  journal={Synthesis Lectures on Communication Networks},
  volume={12},
  number={2},
  pages={1--224},
  year={2019},
  publisher={Morgan \& Claypool Publishers}
}

@article{Source4,
  title={Age of information: A new concept, metric, and tool},
  author={Kosta, Antzela and Pappas, Nikolaos and Angelakis, Vangelis},
  journal={Foundations and Trends in Networking},
  volume={12},
  number={3},
  pages={162--259},
  year={2017},
  publisher={Now Publishers Inc.}
}